<record xmlns="http://www.loc.gov/MARC21/slim" xmlns:xsi="http://www.w3.org/2001/XMLSchema-instance" xsi:schemaLocation="http://www.loc.gov/MARC21/slim http://www.loc.gov/standards/marcxml/schema/MARC21slim.xsd"><leader>01328cz   2200337n  4500</leader><controlfield tag="001">oca00306275 </controlfield><controlfield tag="005">20020521155616.0</controlfield><controlfield tag="008">790822n| acannaabn          |a aaa      </controlfield><datafield ind1=" " ind2=" " tag="010"><subfield code="a">n  79073533 </subfield></datafield><datafield ind1=" " ind2=" " tag="040"><subfield code="a">DLC</subfield><subfield code="b">eng</subfield><subfield code="c">DLC</subfield><subfield code="d">DLC</subfield><subfield code="d">MH</subfield><subfield code="d">InU</subfield><subfield code="d">INS-SF</subfield><subfield code="d">OCoLC</subfield></datafield><datafield ind1=" " ind2="0" tag="053"><subfield code="a">PA4230</subfield><subfield code="b">PA4236</subfield></datafield><datafield ind1="0" ind2=" " tag="100"><subfield code="a">Lucian,</subfield><subfield code="c">of Samosata</subfield></datafield><datafield ind1="0" ind2=" " tag="400"><subfield code="a">Lūkiyān al-Sumaysāṭī</subfield></datafield><datafield ind1="0" ind2=" " tag="400"><subfield code="a">Lūqyānūs al-Samīsāṭī</subfield></datafield><datafield ind1="0" ind2=" " tag="400"><subfield code="a">Lucianus Samosatensis</subfield><subfield code="w">nna</subfield></datafield><datafield ind1="0" ind2=" " tag="400"><subfield code="a">Loukianos,</subfield><subfield code="c">ho Samosateus</subfield></datafield><datafield ind1="0" ind2=" " tag="400"><subfield code="a">Lucien,</subfield><subfield code="c">de Samosate</subfield></datafield><datafield ind1="0" ind2=" " tag="400"><subfield code="a">Luciano,</subfield><subfield code="c">di Samosata</subfield></datafield><datafield ind1="0" ind2=" " tag="400"><subfield code="a">Lukian,</subfield><subfield code="c">ze Samosaty</subfield></datafield><datafield ind1="0" ind2=" " tag="400"><subfield code="a">Lúkiános,</subfield><subfield code="c">ze Samosaty</subfield></datafield><datafield ind1="0" ind2=" " tag="400"><subfield code="a">Loekianos,</subfield><subfield code="c">van Samosata</subfield></datafield><datafield ind1="1" ind2=" " tag="400"><subfield code="a">Samosata, Lucian of</subfield></datafield><datafield ind1="0" ind2=" " tag="400"><subfield code="a">Lukian,</subfield><subfield code="c">z Samosat</subfield></datafield><datafield ind1="0" ind2=" " tag="400"><subfield code="a">Luciano,</subfield><subfield code="c">de Samosata</subfield></datafield><datafield ind1="0" ind2=" " tag="400"><subfield code="a">Lukian,</subfield><subfield code="c">von Samosata</subfield></datafield><datafield ind1="0" ind2=" " tag="400"><subfield code="a">Luciano,</subfield><subfield code="c">Samossateno</subfield></datafield><datafield ind1=" " ind2=" " tag="670"><subfield code="a">Korus, K. Poetyka Lukiana z Samosat, 1982:</subfield><subfield code="b">t.p. (Lukiana z Samosat)</subfield></datafield><datafield ind1=" " ind2=" " tag="670"><subfield code="a">His Diez diálogos de Luciano de Samosata, 1985.</subfield></datafield><datafield ind1=" " ind2=" " tag="670"><subfield code="a">His Hetärengespräche, 1982, c1960:</subfield><subfield code="b">p. 86 (Lukian von Samosata)</subfield></datafield><datafield ind1=" " ind2=" " tag="670"><subfield code="a">His Discursos de Luciano Samossateno, 1739.</subfield></datafield><datafield ind1=" " ind2=" " tag="670"><subfield code="a">Encic. ital., 1934</subfield><subfield code="b">(hdg.: Luciano di Samosata (Loukianos, Lucianus); Greek writer of the 2nd cent. A.D.; date of birth, ca. 120 A.D.; date of death, ca. 180 A.D.)</subfield></datafield></record>